
@misc{noauthor_segmontoguidelines_nodate,
	title = {{SegmOnto}/{Guidelines}},
	url = {https://github.com/SegmOnto/Guidelines},
	urldate = {2024-03-28},
	file = {SegmOnto/Guidelines:/Users/rolly/Zotero/storage/RWLMVRIL/Guidelines.html:text/html},
}

@misc{noauthor_escriptorium_nodate,
	title = {{eScriptorium} - {Homepage}},
	url = {https://escriptorium.inria.fr/},
	urldate = {2024-03-28},
	file = {eScriptorium - Homepage:/Users/rolly/Zotero/storage/HQ32VF95/escriptorium.inria.fr.html:text/html},
}

@unpublished{texte_gerard_1401,
	type = {manuscript},
	title = {Gérard de {Nevers}, mise en prose du {Roman} de la {Violette} de {Gerbert} de {Montreuil}.},
	copyright = {domaine public},
	url = {https://gallica.bnf.fr/ark:/12148/btv1b10532591q},
	abstract = {Gérard de Nevers, mise en prose du Roman de la Violette de Gerbert de Montreuil. -- 1401-1500 -- manuscrits},
	language = {FR},
	urldate = {2024-03-28},
	author = {texte, Gerbert de Montreuil Auteur du and Liédet, Loyset (1420?-148 ) Enlumineur and Wavrin, Jean de (1400?-1474?) Auteur prétendu du texte},
	year = {1401},
	file = {Snapshot:/Users/rolly/Zotero/storage/6BSXDUJG/btv1b10532591q.html:text/html},
}

@misc{noauthor_compte-rendu_nodate,
	title = {Compte-rendu de la séance n° 3},
	url = {https://cremmalab.hypotheses.org/compte-rendu-seance-3},
	abstract = {L’allographie, entre besoins scientifiques et pragmatiques. Comment modéliser et optimiser les données d’entraînement pour l’HTR (I) ? Mardi 14 décembre — 16h-18h En présence de Vera Schwarz-Ricci, Jean-Baptiste Camps, Camille Carnaille, Prunelle Deleville, Lucien Dugaz, Frédéric Duval, Lucence Ing, Vincent Jolivet, Marco Maulu, Viola Mariotti , Ariane Pinche, Anne Rochebouet, Aurélia Rostaing, Benedetta Salvati, Peter […]},
	language = {fr-FR},
	urldate = {2024-03-28},
	journal = {CREMMALAB},
	file = {Snapshot:/Users/rolly/Zotero/storage/WFIMVPQD/compte-rendu-seance-3.html:text/html},
}

@misc{noauthor_cremma-medievalcremmalabjson_nodate,
	title = {cremma-medieval/{CremmaLab}.json at main · {HTR}-{United}/cremma-medieval},
	url = {https://github.com/HTR-United/cremma-medieval/blob/main/CremmaLab.json},
	abstract = {Transcription corpora for training HTR models for medieval manuscripts from the 12th to the 15th century. - HTR-United/cremma-medieval},
	language = {en},
	urldate = {2024-04-08},
	journal = {GitHub},
	file = {Snapshot:/Users/rolly/Zotero/storage/VSK4VRMR/CremmaLab.html:text/html},
}

@unpublished{pinche_guide_2022,
	title = {Guide de transcription pour les manuscrits du {Xe} au {XVe} siècle},
	url = {https://hal.science/hal-03697382},
	abstract = {Ce guide est le fruit d’une réflexion menée au cours des années 2021 et 2022 dans la cadre du projet CREMMALab et du séminaire de recherche « Création de modèle(s) HTR pour les documents médiévaux en ancien français et moyen français entre le Xe et le XVe siècle ». Nos préconisations ont pour but d’accompagner la création des données d’entraînement afin d’optimiser l’apprentissage machine des modèles d’HTR. Produire des données d’entraînement demande de modéliser une représentation la matière textuelle afin de créer des données homogènes qui assureront la qualité des prédictions HTR. Ce guide ne prétend pas répondre à toutes les problématiques de transcriptions présentes dans les manuscrits médiévaux, mais nous espérons qu’il permettra aux transcripteurs de répondre aux interrogations les plus courantes et d’harmoniser les pratiques.},
	urldate = {2024-04-08},
	author = {Pinche, Ariane},
	month = jun,
	year = {2022},
	file = {HAL PDF Full Text:/Users/rolly/Zotero/storage/XMSZD2IS/Pinche - 2022 - Guide de transcription pour les manuscrits du Xe a.pdf:application/pdf},
}

@book{prou_manuel_nodate,
	title = {Manuel de paléographie latine et française du {VIe} au {XVIIe} siècle, suivi d'un dictionnaire des abréviations avec 23 facsimilés en phototypie;},
	url = {http://archive.org/details/manueldepalogra00prougoog},
	abstract = {Book digitized by Google and uploaded to the Internet Archive by user tpb.; Bibliography: p. 6-12},
	language = {fre},
	urldate = {2024-04-08},
	publisher = {Paris, A. Picard},
	author = {Prou, Maurice},
	collaborator = {{unknown library}},
	keywords = {Paleography},
}

@book{burghart_album_nodate,
	title = {Album interactif de paléographie médiévale / {Interactive} {Album} of {Mediaeval} {Palaeography}},
	url = {https://paleographie.huma-num.fr/},
	language = {en;fr},
	urldate = {2024-04-08},
	publisher = {UMR 5648},
	author = {Burghart, Marjorie},
	file = {Snapshot:/Users/rolly/Zotero/storage/RHGUN4KU/paleographie.huma-num.fr.html:text/html},
}

@article{clerice_generic_2023,
	title = {Generic {CREMMA} {Model} for {Medieval} {Manuscripts} ({Latin} and {Old} {French}), 8-15th century},
	copyright = {Creative Commons Attribution 4.0 International, Open Access},
	url = {https://zenodo.org/record/7631619},
	doi = {10.5281/ZENODO.7631619},
	abstract = {{\textless}strong{\textgreater}Transcription Guidelines{\textless}/strong{\textgreater} See Ariane Pinche's guideline: https://hal.archives-ouvertes.fr/hal-03697382 Adaptation for latin on https://github.com/htR-United/cremma-medieval-lat {\textless}strong{\textgreater}Repositories{\textless}/strong{\textgreater} https://github.com/htR-United/cremma-medieval-lat https://github.com/htR-United/cremma-medieval https://github.com/malamatenia/Eutyches https://github.com/Gallicorpora/HTR-MSS-15e-Siecle https://github.com/Gallicorpora/HTR-incunable-15e-siecle https://github.com/rescribe/carolineminuscule-groundtruth See https://htr-united.github.io for more details. {\textless}strong{\textgreater}Size{\textless}/strong{\textgreater} Dataset name Project or company Coverage Language Lines Characters Manuscripts Eutyches MA Thesis 850-900 Latin 2,828 86,832 2 Caroline Minuscule Rescribe 800-1199 Latin 457 17,155 17 CREMMA Medieval CREMMALab 1100-1499 French 21,656 579,368 14 CREMMA-Medieval-LAT CREMMA 1100-1599 Latin 6,648 240,291 18 DecameronFR Homework 1430-1455 French 751 19,821 1 Données HTR manuscrits du 15e siècle GalliCorpora 1400-1499 French 5,937 169,221 11 Incunables du 15e siècle GalliCorpora 1400-1499 French 7,608 244,958 13 {\textless}strong{\textgreater}Funding{\textless}/strong{\textgreater} All CREMMA dataset are funded by the DIM MAP (Ile de France, https://www.dim-map.fr/projets-soutenus/cremma/) All Galicorpora Dataset are funded by the BnF Datalab},
	language = {la},
	urldate = {2024-04-12},
	author = {Clérice, Thibault and Pinche, Ariane and Vlachou-Efstathiou, Malamatenia},
	collaborator = {Gabay, Simon and Leroy, Noé and Christensen, Kelly and White, Nick and Karaisl, Antonia and Biay, Sébastien and Boby, Victor and Konstantinova, Kristina and Cappe, Zoé and Camps, Jean-Baptiste and Mariotti, Viola and Nolibois, Alice and Carnaille, Camille and Deleville, Prunelle and Chagué, Alix and Lecomte, Sophie and Ventura, Simone and Meylan, Aminoel and Dugaz, Lucien and Morreale, Laura and Ingallinella, Laura and Lahey, Stephanie J. and Magni, Isabella and Kralik, Christine},
	month = feb,
	year = {2023},
	note = {Publisher: [object Object]
Version Number: 1.0.1},
	keywords = {kraken\_pytorch},
}

@misc{noauthor_dictionnaire_nodate,
	title = {Dictionnaire des abréviations françaises},
	url = {http://theleme.enc.sorbonne.fr/dico.php},
	urldate = {2024-04-12},
	file = {Dictionnaire des abréviations françaises:/Users/rolly/Zotero/storage/IQ8D94QV/dico.html:text/html},
}

@misc{noauthor_escriptorium_nodate-1,
	title = {{eScriptorium} {Documentation}},
	url = {https://escriptorium.readthedocs.io/en/latest/},
	urldate = {2024-04-12},
	file = {eScriptorium Documentation:/Users/rolly/Zotero/storage/EN4SQ46L/latest.html:text/html},
}

@misc{noauthor_glossaires_nodate,
	title = {Glossaires {Codicologiques}},
	url = {https://codicologia.irht.cnrs.fr/},
	urldate = {2024-04-12},
	file = {Glossaires Codicologiques:/Users/rolly/Zotero/storage/S6377CD8/codicologia.irht.cnrs.fr.html:text/html},
}

@misc{noauthor_htr_nodate,
	title = {{HTR} {Models} and genericity for {Medieval} {Manuscripts}},
	url = {https://cremmalab.hypotheses.org/modeles-htr},
	abstract = {Written by Ariane Pinche for Digital humanities conference, Tokyo 2022. Poster presentation: Ariane Pinche. CREMMALab Project: Handwritten Text Recognition for medieval manuscripts. Digital Humanities, Jul 2022, Tokyo, Japan, ⟨hal-03724041⟩ Within the infrastructure of the CREMMA project (Consortium for Handwriting Recognition of Ancient Materials) supported by the DIM (research funded by the Île-de-France Region) MAP (Ancient and Heritage Materials), the CREMMALab1 project combines […]},
	language = {fr-FR},
	urldate = {2024-04-12},
	journal = {CREMMALAB},
	file = {Snapshot:/Users/rolly/Zotero/storage/RG68Q5K5/modeles-htr.html:text/html},
}

@misc{noauthor_tnah-2021-decameronfrnormestranscriptionmd_nodate,
	title = {{TNAH}-2021-{DecameronFR}/{normesTranscription}.md at main · vicpsl/{TNAH}-2021-{DecameronFR}},
	url = {https://github.com/vicpsl/TNAH-2021-DecameronFR/blob/main/normesTranscription.md},
	urldate = {2024-04-12},
	file = {TNAH-2021-DecameronFR/normesTranscription.md at main · vicpsl/TNAH-2021-DecameronFR:/Users/rolly/Zotero/storage/6LYCU8XJ/normesTranscription.html:text/html},
}
